%YAML 1.1
%TAG !u! tag:unity3d.com,2011:
--- !u!114 &-7989737243631301868
MonoBehaviour:
  m_ObjectHideFlags: 0
  m_CorrespondingSourceObject: {fileID: 0}
  m_PrefabInstance: {fileID: 0}
  m_PrefabAsset: {fileID: 0}
  m_GameObject: {fileID: 0}
  m_Enabled: 1
  m_EditorHideFlags: 0
  m_Script: {fileID: 11500000, guid: 056125dd64c0ed540b40a4af74f7b495, type: 3}
  m_Name: RuntimeDebuggerOpenXRFeature Android
  m_EditorClassIdentifier: 
  m_enabled: 0
  nameUi: Runtime Debugger
  version: 1
  featureIdInternal: com.unity.openxr.features.runtimedebugger
  openxrExtensionStrings: 
  company: Unity
  priority: 0
  required: 0
  cacheSize: 1048576
  perThreadCacheSize: 51200
--- !u!114 &-7830961852731191788
MonoBehaviour:
  m_ObjectHideFlags: 0
  m_CorrespondingSourceObject: {fileID: 0}
  m_PrefabInstance: {fileID: 0}
  m_PrefabAsset: {fileID: 0}
  m_GameObject: {fileID: 0}
  m_Enabled: 1
  m_EditorHideFlags: 0
  m_Script: {fileID: 11500000, guid: 056125dd64c0ed540b40a4af74f7b495, type: 3}
  m_Name: RuntimeDebuggerOpenXRFeature Standalone
  m_EditorClassIdentifier: 
  m_enabled: 0
  nameUi: Runtime Debugger
  version: 1
  featureIdInternal: com.unity.openxr.features.runtimedebugger
  openxrExtensionStrings: 
  company: Unity
  priority: 0
  required: 0
  cacheSize: 1048576
  perThreadCacheSize: 51200
--- !u!114 &-7559875930003691686
MonoBehaviour:
  m_ObjectHideFlags: 0
  m_CorrespondingSourceObject: {fileID: 0}
  m_PrefabInstance: {fileID: 0}
  m_PrefabAsset: {fileID: 0}
  m_GameObject: {fileID: 0}
  m_Enabled: 1
  m_EditorHideFlags: 0
  m_Script: {fileID: 11500000, guid: 486b5e28864f9a94b979b9620ce5006d, type: 3}
  m_Name: ConformanceAutomationFeature Android
  m_EditorClassIdentifier: 
  m_enabled: 0
  nameUi: Conformance Automation
  version: 0.0.1
  featureIdInternal: com.unity.openxr.feature.conformance
  openxrExtensionStrings: XR_EXT_conformance_automation
  company: Unity
  priority: 0
  required: 0
--- !u!114 &-5873118497882128819
MonoBehaviour:
  m_ObjectHideFlags: 0
  m_CorrespondingSourceObject: {fileID: 0}
  m_PrefabInstance: {fileID: 0}
  m_PrefabAsset: {fileID: 0}
  m_GameObject: {fileID: 0}
  m_Enabled: 1
  m_EditorHideFlags: 0
  m_Script: {fileID: 11500000, guid: 486b5e28864f9a94b979b9620ce5006d, type: 3}
  m_Name: ConformanceAutomationFeature Standalone
  m_EditorClassIdentifier: 
  m_enabled: 0
  nameUi: Conformance Automation
  version: 0.0.1
  featureIdInternal: com.unity.openxr.feature.conformance
  openxrExtensionStrings: XR_EXT_conformance_automation
  company: Unity
  priority: 0
  required: 0
--- !u!114 &-5214765871061182349
MonoBehaviour:
  m_ObjectHideFlags: 0
  m_CorrespondingSourceObject: {fileID: 0}
  m_PrefabInstance: {fileID: 0}
  m_PrefabAsset: {fileID: 0}
  m_GameObject: {fileID: 0}
  m_Enabled: 1
  m_EditorHideFlags: 0
  m_Script: {fileID: 11500000, guid: 274c02963f889a64e90bc2e596e21d13, type: 3}
  m_Name: HTCViveControllerProfile Standalone
  m_EditorClassIdentifier: 
  m_enabled: 0
  nameUi: HTC Vive Controller Profile
  version: 0.0.1
  featureIdInternal: com.unity.openxr.feature.input.htcvive
  openxrExtensionStrings: 
  company: Unity
  priority: 0
  required: 0
--- !u!114 &-3748981606425664311
MonoBehaviour:
  m_ObjectHideFlags: 0
  m_CorrespondingSourceObject: {fileID: 0}
  m_PrefabInstance: {fileID: 0}
  m_PrefabAsset: {fileID: 0}
  m_GameObject: {fileID: 0}
  m_Enabled: 1
  m_EditorHideFlags: 0
  m_Script: {fileID: 11500000, guid: 7de993716e042c6499d0c18eed3a773c, type: 3}
  m_Name: MockRuntime Standalone
  m_EditorClassIdentifier: 
  m_enabled: 0
  nameUi: Mock Runtime
  version: 0.0.2
  featureIdInternal: com.unity.openxr.feature.mockruntime
  openxrExtensionStrings: XR_UNITY_null_gfx XR_UNITY_android_present
  company: Unity
  priority: 0
  required: 0
  ignoreValidationErrors: 0
--- !u!114 &-2992997615250109511
MonoBehaviour:
  m_ObjectHideFlags: 0
  m_CorrespondingSourceObject: {fileID: 0}
  m_PrefabInstance: {fileID: 0}
  m_PrefabAsset: {fileID: 0}
  m_GameObject: {fileID: 0}
  m_Enabled: 1
  m_EditorHideFlags: 0
  m_Script: {fileID: 11500000, guid: 0f6bfdbcb316ed242b30a8798c9eb853, type: 3}
  m_Name: KHRSimpleControllerProfile Standalone
  m_EditorClassIdentifier: 
  m_enabled: 0
  nameUi: Khronos Simple Controller Profile
  version: 0.0.1
  featureIdInternal: com.unity.openxr.feature.input.khrsimpleprofile
  openxrExtensionStrings: 
  company: Unity
  priority: 0
  required: 0
--- !u!114 &-2589410102738494721
MonoBehaviour:
  m_ObjectHideFlags: 0
  m_CorrespondingSourceObject: {fileID: 0}
  m_PrefabInstance: {fileID: 0}
  m_PrefabAsset: {fileID: 0}
  m_GameObject: {fileID: 0}
  m_Enabled: 1
  m_EditorHideFlags: 0
  m_Script: {fileID: 11500000, guid: 9ef793c31862a37448e907829482ef80, type: 3}
  m_Name: OculusQuestFeature Android
  m_EditorClassIdentifier: 
  m_enabled: 0
  nameUi: Oculus Quest Support
  version: 1.0.0
  featureIdInternal: com.unity.openxr.feature.oculusquest
  openxrExtensionStrings: XR_OCULUS_android_initialize_loader
  company: Unity
  priority: 0
  required: 0
  targetQuest: 1
  targetQuest2: 1
--- !u!114 &-805376907767540723
MonoBehaviour:
  m_ObjectHideFlags: 0
  m_CorrespondingSourceObject: {fileID: 0}
  m_PrefabInstance: {fileID: 0}
  m_PrefabAsset: {fileID: 0}
  m_GameObject: {fileID: 0}
  m_Enabled: 1
  m_EditorHideFlags: 0
  m_Script: {fileID: 11500000, guid: f928d0d73a35f294fbe357ca17aa3547, type: 3}
  m_Name: MicrosoftHandInteraction Android
  m_EditorClassIdentifier: 
  m_enabled: 0
  nameUi: Microsoft Hand Interaction Profile
  version: 0.0.1
  featureIdInternal: com.unity.openxr.feature.input.handtracking
  openxrExtensionStrings: XR_MSFT_hand_interaction
  company: Unity
  priority: 0
  required: 0
--- !u!114 &-212693425342845454
MonoBehaviour:
  m_ObjectHideFlags: 0
  m_CorrespondingSourceObject: {fileID: 0}
  m_PrefabInstance: {fileID: 0}
  m_PrefabAsset: {fileID: 0}
  m_GameObject: {fileID: 0}
  m_Enabled: 1
  m_EditorHideFlags: 0
  m_Script: {fileID: 11500000, guid: b3cf79659a011bd419c7a2a30eb74e9a, type: 3}
  m_Name: EyeGazeInteraction Android
  m_EditorClassIdentifier: 
  m_enabled: 0
  nameUi: Eye Gaze Interaction Profile
  version: 0.0.1
  featureIdInternal: com.unity.openxr.feature.input.eyetracking
  openxrExtensionStrings: XR_EXT_eye_gaze_interaction
  company: Unity
  priority: 0
  required: 0
--- !u!114 &11400000
MonoBehaviour:
  m_ObjectHideFlags: 0
  m_CorrespondingSourceObject: {fileID: 0}
  m_PrefabInstance: {fileID: 0}
  m_PrefabAsset: {fileID: 0}
  m_GameObject: {fileID: 0}
  m_Enabled: 1
  m_EditorHideFlags: 0
  m_Script: {fileID: 11500000, guid: 9f0ebc320a151d3408ea1e9fce54d40e, type: 3}
  m_Name: Open XR Package Settings
  m_EditorClassIdentifier: 
  Keys: 01000000070000000d000000
  Values:
  - {fileID: 2733772525920271253}
  - {fileID: 6787436691651544958}
  - {fileID: 4900483026149841737}
--- !u!114 &92846189383151945
MonoBehaviour:
  m_ObjectHideFlags: 0
  m_CorrespondingSourceObject: {fileID: 0}
  m_PrefabInstance: {fileID: 0}
  m_PrefabAsset: {fileID: 0}
  m_GameObject: {fileID: 0}
  m_Enabled: 1
  m_EditorHideFlags: 0
  m_Script: {fileID: 11500000, guid: b3cf79659a011bd419c7a2a30eb74e9a, type: 3}
  m_Name: EyeGazeInteraction Standalone
  m_EditorClassIdentifier: 
  m_enabled: 0
  nameUi: Eye Gaze Interaction Profile
  version: 0.0.1
  featureIdInternal: com.unity.openxr.feature.input.eyetracking
  openxrExtensionStrings: XR_EXT_eye_gaze_interaction
  company: Unity
  priority: 0
  required: 0
--- !u!114 &544930839218230249
MonoBehaviour:
  m_ObjectHideFlags: 0
  m_CorrespondingSourceObject: {fileID: 0}
  m_PrefabInstance: {fileID: 0}
  m_PrefabAsset: {fileID: 0}
  m_GameObject: {fileID: 0}
  m_Enabled: 1
  m_EditorHideFlags: 0
  m_Script: {fileID: 11500000, guid: f928d0d73a35f294fbe357ca17aa3547, type: 3}
  m_Name: MicrosoftHandInteraction Standalone
  m_EditorClassIdentifier: 
  m_enabled: 0
  nameUi: Microsoft Hand Interaction Profile
  version: 0.0.1
  featureIdInternal: com.unity.openxr.feature.input.handtracking
  openxrExtensionStrings: XR_MSFT_hand_interaction
  company: Unity
  priority: 0
  required: 0
--- !u!114 &2004306962781441787
MonoBehaviour:
  m_ObjectHideFlags: 0
  m_CorrespondingSourceObject: {fileID: 0}
  m_PrefabInstance: {fileID: 0}
  m_PrefabAsset: {fileID: 0}
  m_GameObject: {fileID: 0}
  m_Enabled: 1
  m_EditorHideFlags: 0
  m_Script: {fileID: 11500000, guid: 761fdd4502cb7a84e9ec7a2b24f33f37, type: 3}
  m_Name: MicrosoftMotionControllerProfile Standalone
  m_EditorClassIdentifier: 
  m_enabled: 0
  nameUi: Microsoft Motion Controller Profile
  version: 0.0.1
  featureIdInternal: com.unity.openxr.feature.input.microsoftmotioncontroller
  openxrExtensionStrings: 
  company: Unity
  priority: 0
  required: 0
--- !u!114 &2051070607216838232
MonoBehaviour:
  m_ObjectHideFlags: 0
  m_CorrespondingSourceObject: {fileID: 0}
  m_PrefabInstance: {fileID: 0}
  m_PrefabAsset: {fileID: 0}
  m_GameObject: {fileID: 0}
  m_Enabled: 1
  m_EditorHideFlags: 0
  m_Script: {fileID: 11500000, guid: 0f6bfdbcb316ed242b30a8798c9eb853, type: 3}
  m_Name: KHRSimpleControllerProfile Android
  m_EditorClassIdentifier: 
  m_enabled: 0
  nameUi: Khronos Simple Controller Profile
  version: 0.0.1
  featureIdInternal: com.unity.openxr.feature.input.khrsimpleprofile
  openxrExtensionStrings: 
  company: Unity
  priority: 0
  required: 0
--- !u!114 &2733772525920271253
MonoBehaviour:
  m_ObjectHideFlags: 0
  m_CorrespondingSourceObject: {fileID: 0}
  m_PrefabInstance: {fileID: 0}
  m_PrefabAsset: {fileID: 0}
  m_GameObject: {fileID: 0}
  m_Enabled: 1
  m_EditorHideFlags: 0
  m_Script: {fileID: 11500000, guid: b5a1f07dc5afe854f9f12a4194aca3fb, type: 3}
  m_Name: Standalone
  m_EditorClassIdentifier: 
  features:
  - {fileID: -5873118497882128819}
  - {fileID: 92846189383151945}
  - {fileID: -5214765871061182349}
  - {fileID: -2992997615250109511}
  - {fileID: 544930839218230249}
  - {fileID: 2004306962781441787}
  - {fileID: -3748981606425664311}
  - {fileID: 4470847643254274449}
  - {fileID: -7830961852731191788}
  - {fileID: 5768102214616573315}
  m_renderMode: 1
  m_depthSubmissionMode: 0
--- !u!114 &3507369694769465722
MonoBehaviour:
  m_ObjectHideFlags: 0
  m_CorrespondingSourceObject: {fileID: 0}
  m_PrefabInstance: {fileID: 0}
  m_PrefabAsset: {fileID: 0}
  m_GameObject: {fileID: 0}
  m_Enabled: 1
  m_EditorHideFlags: 0
  m_Script: {fileID: 11500000, guid: feeef8d85de8db242bdda70cc7ff5acd, type: 3}
  m_Name: OculusTouchControllerProfile Android
  m_EditorClassIdentifier: 
  m_enabled: 0
  nameUi: Oculus Touch Controller Profile
  version: 0.0.1
  featureIdInternal: com.unity.openxr.feature.input.oculustouch
  openxrExtensionStrings: 
  company: Unity
  priority: 0
  required: 0
--- !u!114 &4470847643254274449
MonoBehaviour:
  m_ObjectHideFlags: 0
  m_CorrespondingSourceObject: {fileID: 0}
  m_PrefabInstance: {fileID: 0}
  m_PrefabAsset: {fileID: 0}
  m_GameObject: {fileID: 0}
  m_Enabled: 1
  m_EditorHideFlags: 0
  m_Script: {fileID: 11500000, guid: feeef8d85de8db242bdda70cc7ff5acd, type: 3}
  m_Name: OculusTouchControllerProfile Standalone
  m_EditorClassIdentifier: 
  m_enabled: 0
  nameUi: Oculus Touch Controller Profile
  version: 0.0.1
  featureIdInternal: com.unity.openxr.feature.input.oculustouch
  openxrExtensionStrings: 
  company: Unity
  priority: 0
  required: 0
--- !u!114 &4900483026149841737
MonoBehaviour:
  m_ObjectHideFlags: 0
  m_CorrespondingSourceObject: {fileID: 0}
  m_PrefabInstance: {fileID: 0}
  m_PrefabAsset: {fileID: 0}
  m_GameObject: {fileID: 0}
  m_Enabled: 1
  m_EditorHideFlags: 0
  m_Script: {fileID: 11500000, guid: b5a1f07dc5afe854f9f12a4194aca3fb, type: 3}
  m_Name: WebGL
  m_EditorClassIdentifier: 
  features: []
  m_renderMode: 1
  m_depthSubmissionMode: 0
--- !u!114 &5768102214616573315
MonoBehaviour:
  m_ObjectHideFlags: 0
  m_CorrespondingSourceObject: {fileID: 0}
  m_PrefabInstance: {fileID: 0}
  m_PrefabAsset: {fileID: 0}
  m_GameObject: {fileID: 0}
  m_Enabled: 1
  m_EditorHideFlags: 0
  m_Script: {fileID: 11500000, guid: 0d6ccd3d0ef0f1d458e69421dccbdae1, type: 3}
  m_Name: ValveIndexControllerProfile Standalone
  m_EditorClassIdentifier: 
  m_enabled: 0
  nameUi: Valve Index Controller Profile
  version: 0.0.1
  featureIdInternal: com.unity.openxr.feature.input.valveindex
  openxrExtensionStrings: 
  company: Unity
  priority: 0
  required: 0
--- !u!114 &6453961155707513890
MonoBehaviour:
  m_ObjectHideFlags: 0
  m_CorrespondingSourceObject: {fileID: 0}
  m_PrefabInstance: {fileID: 0}
  m_PrefabAsset: {fileID: 0}
  m_GameObject: {fileID: 0}
  m_Enabled: 1
  m_EditorHideFlags: 0
  m_Script: {fileID: 11500000, guid: 7de993716e042c6499d0c18eed3a773c, type: 3}
  m_Name: MockRuntime Android
  m_EditorClassIdentifier: 
  m_enabled: 0
  nameUi: Mock Runtime
  version: 0.0.2
  featureIdInternal: com.unity.openxr.feature.mockruntime
  openxrExtensionStrings: XR_UNITY_null_gfx XR_UNITY_android_present
  company: Unity
  priority: 0
  required: 0
  ignoreValidationErrors: 0
--- !u!114 &6787436691651544958
MonoBehaviour:
  m_ObjectHideFlags: 0
  m_CorrespondingSourceObject: {fileID: 0}
  m_PrefabInstance: {fileID: 0}
  m_PrefabAsset: {fileID: 0}
  m_GameObject: {fileID: 0}
  m_Enabled: 1
  m_EditorHideFlags: 0
  m_Script: {fileID: 11500000, guid: b5a1f07dc5afe854f9f12a4194aca3fb, type: 3}
  m_Name: Android
  m_EditorClassIdentifier: 
  features:
  - {fileID: -7559875930003691686}
  - {fileID: -212693425342845454}
  - {fileID: 2051070607216838232}
  - {fileID: -805376907767540723}
  - {fileID: 6453961155707513890}
  - {fileID: -2589410102738494721}
  - {fileID: 3507369694769465722}
  - {fileID: -7989737243631301868}
  m_renderMode: 1
  m_depthSubmissionMode: 0
